@book{Sauer,
  title={Numerical Analysis Second Edition},
  author={Timothy Sauer},
  journal={},
  volume={},
  number={},
  pages={},
  year={2014},
  publisher={Pearson Education Limited}
}
